@book{python, 
  title={Python tutorial}, 
  author={Van Rossum, Guido and Drake Jr, Fred L}, 
  year={1995}, 
  publisher={Centrum voor Wiskunde en Informatica Amsterdam, The Netherlands} 
}

@software{jupyter,
  author       = {Executable Books Community},
  title        = {Jupyter Book},
  month        = feb,
  year         = 2020,
  publisher    = {Zenodo},
  version      = {v0.10},
  doi          = {10.5281/zenodo.4539666},
  url          = {https://doi.org/10.5281/zenodo.4539666}
}


@article{LoRA,
  author       = {Edward J. Hu and
                  Yelong Shen and
                  Phillip Wallis and
                  Zeyuan Allen{-}Zhu and
                  Yuanzhi Li and
                  Shean Wang and
                  Weizhu Chen},
  title        = {LoRA: Low-Rank Adaptation of Large Language Models},
  journal      = {CoRR},
  volume       = {abs/2106.09685},
  year         = {2021},
  url          = {https://arxiv.org/abs/2106.09685},
  eprinttype    = {arXiv},
  eprint       = {2106.09685},
  timestamp    = {Tue, 29 Jun 2021 16:55:04 +0200},
  biburl       = {https://dblp.org/rec/journals/corr/abs-2106-09685.bib},
  bibsource    = {dblp computer science bibliography, https://dblp.org}
}